<record><leader>00000cas a22000007a 4500</leader><controlfield tag="001">30930075</controlfield><controlfield tag="008">940811d186018uuvauwr ne      0    0eng d</controlfield><datafield ind1=" " ind2=" " tag="010"><subfield code="a">sn 94059381 </subfield></datafield><datafield ind1=" " ind2=" " tag="040"><subfield code="a">NVK</subfield><subfield code="b">eng</subfield><subfield code="c">NVK</subfield><subfield code="d">OCL</subfield><subfield code="d">OCLCQ</subfield><subfield code="d">OCLCF</subfield><subfield code="d">OCLCO</subfield></datafield><datafield ind1=" " ind2=" " tag="042"><subfield code="a">msc</subfield></datafield><datafield ind1=" " ind2=" " tag="043"><subfield code="a">n-us-va</subfield></datafield><datafield ind1="0" ind2=" " tag="130"><subfield code="a">Valley sentinel (Fincastle, Va.)</subfield></datafield><datafield ind1="1" ind2="0" tag="245"><subfield code="a">Valley sentinel.</subfield></datafield><datafield ind1=" " ind2=" " tag="260"><subfield code="a">Fincastle, Va. :</subfield><subfield code="b">Green James</subfield></datafield><datafield ind1=" " ind2=" " tag="300"><subfield code="a">v.</subfield></datafield><datafield ind1=" " ind2=" " tag="310"><subfield code="a">Weekly</subfield></datafield><datafield ind1=" " ind2=" " tag="588"><subfield code="a">Description based on: Vol. 2, no. 30 (July 19, 1861).</subfield></datafield><datafield ind1=" " ind2="0" tag="651"><subfield code="a">Fincastle (Va.)</subfield><subfield code="v">Newspapers.</subfield></datafield><datafield ind1=" " ind2="7" tag="655"><subfield code="a">Newspapers.</subfield><subfield code="2">fast</subfield><subfield code="0">(OCoLC)fst01423814</subfield></datafield><datafield ind1=" " ind2="7" tag="651"><subfield code="a">Virginia</subfield><subfield code="z">Fincastle.</subfield><subfield code="2">fast</subfield><subfield code="0">(OCoLC)fst01248271</subfield></datafield><datafield ind1=" " ind2=" " tag="752"><subfield code="a">United States</subfield><subfield code="b">Virginia</subfield><subfield code="c">Botetourt</subfield><subfield code="d">Fincastle.</subfield></datafield></record>